<record><leader>00000cas a22000007a 4500</leader><controlfield tag="001">15742031</controlfield><controlfield tag="008">870528d19011913inucr ne      0    0eng d</controlfield><datafield ind1=" " ind2=" " tag="010"><subfield code="a">sn 87056066 </subfield></datafield><datafield ind1=" " ind2=" " tag="040"><subfield code="a">NPI</subfield><subfield code="b">eng</subfield><subfield code="c">NPI</subfield><subfield code="d">OCLCQ</subfield></datafield><datafield ind1=" " ind2=" " tag="042"><subfield code="a">msc</subfield></datafield><datafield ind1="0" ind2="0" tag="245"><subfield code="a">Goshen mid-week news-times.</subfield></datafield><datafield ind1="3" ind2="0" tag="246"><subfield code="a">Goshen weekly news-times</subfield></datafield><datafield ind1="1" ind2="3" tag="246"><subfield code="a">News-times</subfield></datafield><datafield ind1=" " ind2=" " tag="260"><subfield code="a">Goshen, Ind. :</subfield><subfield code="b">News Print Co.,</subfield><subfield code="c">1901-</subfield></datafield><datafield ind1=" " ind2=" " tag="310"><subfield code="a">Semiweekly</subfield></datafield><datafield ind1="0" ind2=" " tag="362"><subfield code="a">7th year (July 9, 1901)-</subfield></datafield><datafield ind1="1" ind2=" " tag="362"><subfield code="a">Ceased with July 22, 1913 issue?</subfield></datafield><datafield ind1=" " ind2=" " tag="500"><subfield code="a">On Friday published as: Goshen weekly news-times, July 12, 1901-1913.</subfield></datafield><datafield ind1=" " ind2=" " tag="580"><subfield code="a">Also published in a daily ed. called: Goshen daily news-times.</subfield></datafield><datafield ind1=" " ind2=" " tag="752"><subfield code="a">United States</subfield><subfield code="b">Indiana</subfield><subfield code="c">Elkhart</subfield><subfield code="d">Goshen.</subfield></datafield><datafield ind1="1" ind2=" " tag="775"><subfield code="t">Goshen daily news-times</subfield><subfield code="w">(DLC)sn 87056069</subfield></datafield><datafield ind1="0" ind2="4" tag="780"><subfield code="t">Goshen mid-week times</subfield><subfield code="w">(DLC)sn 87056065</subfield></datafield><datafield ind1="0" ind2="4" tag="780"><subfield code="t">Goshen weekly news</subfield><subfield code="w">(DLC)sn 87056068</subfield></datafield><datafield ind1="0" ind2="0" tag="785"><subfield code="t">Goshen weekly news-times</subfield><subfield code="w">(DLC)sn 87056067</subfield></datafield></record>